@article{friedman2001greedy,
  title={Greedy function approximation: a gradient boosting machine},
  author={Friedman, Jerome H},
  journal={Annals of statistics},
  pages={1189--1232},
  year={2001},
  publisher={JSTOR}
}

@article{tibshirani1996regression,
  title={Regression shrinkage and selection via the lasso},
  author={Tibshirani, Robert},
  journal={Journal of the Royal Statistical Society: Series B (Methodological)},
  volume={58},
  number={1},
  pages={267--288},
  year={1996},
  publisher={Wiley Online Library}
}

@article{breiman2001random,
  title={Random forests},
  author={Breiman, Leo},
  journal={Machine learning},
  volume={45},
  number={1},
  pages={5--32},
  year={2001},
  publisher={Springer}
}

@book{goodfellow2016deep,
  title={Deep learning},
  author={Goodfellow, Ian and Bengio, Yoshua and Courville, Aaron},
  year={2016},
  publisher={MIT press}
}

@article{landis1977measurement,
  title={The measurement of observer agreement for categorical data},
  author={Landis, J Richard and Koch, Gary G},
  journal={biometrics},
  pages={159--174},
  year={1977},
  publisher={JSTOR}
}